<?xml version="1.0" encoding="UTF-8"?><record xmlns="http://www.loc.gov/MARC21/slim" xmlns:cinclude="http://apache.org/cocoon/include/1.0" xmlns:zs="http://www.loc.gov/zing/srw/">
  <leader>00676nz  a2200157n  4500</leader>
  <controlfield tag="001">n  91115342 </controlfield>
  <controlfield tag="003">DLC</controlfield>
  <controlfield tag="005">19911113094327.6</controlfield>
  <controlfield tag="008">911113n| acannaab|          |a aaa |||  </controlfield>
  <datafield tag="010" ind1=" " ind2=" ">
    <subfield code="a">n  91115342 </subfield>
  </datafield>
  <datafield tag="040" ind1=" " ind2=" ">
    <subfield code="a">DLC</subfield>
    <subfield code="c">DLC</subfield>
  </datafield>
  <datafield tag="100" ind1="1" ind2="0">
    <subfield code="a">Thompson, William,</subfield>
    <subfield code="d">1922-</subfield>
  </datafield>
  <datafield tag="400" ind1="1" ind2="0">
    <subfield code="a">Thompson, W.</subfield>
    <subfield code="q">(William),</subfield>
    <subfield code="d">1922-</subfield>
  </datafield>
  <datafield tag="670" ind1=" " ind2=" ">
    <subfield code="a">NUCMC data from Naval War College, Naval Historical Collection for McNulty, J.F. Papers, 1950-1977</subfield>
    <subfield code="b">(RADM W. Thompson, USN)</subfield>
  </datafield>
  <datafield tag="670" ind1=" " ind2=" ">
    <subfield code="a">Regist. of retired officers ... of U.S. Navy, 1978</subfield>
    <subfield code="b">(William Thompson; RADM; retired 2-75; b. 1922; date of current rank 9-1-74)</subfield>
  </datafield>
  <datafield tag="670" ind1=" " ind2=" ">
    <subfield code="a">Regist. of officers ... of U.S. Navy, 1968</subfield>
    <subfield code="b">(William Thompson; capt; b. 10-13-22)</subfield>
  </datafield>
</record>